@online{Nakamura,
  title = {機械学習の定番「サポートベクターマシン（SVM）」を高校生でもわかるよう解説 - Qiita},
  author = {Qiita},
  url = {https://qiita.com/c60evaporator/items/8864f7c1384a3c6e9bd9},
  urldate = {Accessed: 2025-05-02}
}
@online{IBM,
  title = {サポート・ベクトル・マシンとは｜IBM},
  author = {www.ibm.com},
  url = {https://www.ibm.com/jp-ja/think/topics/support-vector-machine},
  urldate = {Accessed: 2025-05-02}
}
@online{Nishikawa,
  title = {[機械学習]サポートベクトルマシン(SVM)について、できるだけ分かりやすくまとめていく①～理論と数式編～ - Qiita},
  author = {Qiita},
  url = {https://qiita.com/renesisu727/items/1cf367d17b46237f9c7a},
  urldate = {Accessed: 2025-05-02}
}
@online{masaya8028,
  title = {SVM(サポートベクターマシン)についてまとめてみました - Qiita},
  author = {Qiita},
  url = {https://qiita.com/masaya8028/items/cdecf3d8eeb4e02e11ac},
  urldate = {Accessed: 2025-05-02}
}
@online{lagrange,
  title = {ラグランジュ未定乗数法 ～ 基本から解説 ～ - 理数アラカルト -},
  author = {risalc.info},
  url = {https://risalc.info/src/Lagrange-multiplier.html},
  urldate = {Accessed: 2025-05-02}
}
@online{kkt-condition,
  title = {KKT 条件 — 数理最適化用語集},
  author = {www.msi.co.jp},
  url = {https://www.msi.co.jp/solution/nuopt/docs/glossary/articles/Karush-Kuhn-TuckerCondition.html},
  urldate = {Accessed: 2025-05-02}
}
@online{ting,
  title = {カーネル法のお話 - Qiita},
  author = {Qiita},
  url = {https://qiita.com/ting/items/cc49b3703a9ea1067041},
  urldate = {Accessed: 2025-05-02}
}
@online{dual-problem,
  title = {最適化問題における双対問題とは？ - MyEnigma},
  author = {MyEnigma},
  url = {https://myenigma.hatenablog.com/entry/2017/01/30/083441#google_vignette},
  urldate = {Accessed: 2025-05-02}
}
@online{loss-func,
  title = {線形回帰の損失関数をわかりやすく解説【機械学習入門2】 - 米国データサイエンティストのブログ},
  author = {米国データサイエンティストのブログ -},
  url = {https://datawokagaku.com/cost_function/#i-3},
  urldate = {Accessed: 2025-05-02}
}
@online{gradient-descent,
  title = {最急降下法を図と数式で理解する(超重要)【機械学習入門3】 - 米国データサイエンティストのブログ},
  author = {米国データサイエンティストのブログ -},
  url = {https://datawokagaku.com/gradient_descent/},
  urldate = {Accessed: 2025-05-02}
}
@online{optimize,
  title = {サポートベクターマシン(SVM)の最適化},
  author = {nomulog},
  url = {https://www.nomuyu.com/svm_optimize/#st-toc-h-9},
  urldate = {Accessed: 2025-05-02}
}
@online{soft-mergin,
  title = {SVMをおさらい（ソフトマージン線形SVMの編） - Qiita},
  author = {Qiita},
  url = {https://qiita.com/s-nakagawa2/items/2845e601180aef0765ef},
  urldate = {Accessed: 2025-05-02}
}
@online{suugakunokesiki,
  title = {ラグランジュの未定乗数法とは～意味と証明～},
  author = {数学の景色},
  url = {https://mathlandscape.com/lagrange-multiplier/},
  urldate = {Accessed: 2025-05-02}
}
@online{amber,
  title = {SVMで必要なLagrange双対問題の結果のざっくりしたまとめ - Qiita},
  author = {Qiita},
  url = {https://qiita.com/amber_kshz/items/1d84ffa2ab011b24ee54},
  urldate = {Accessed: 2025-05-02}
}
@misc{patern,
  author = {本谷秀堅},
  title = {パターン認識講義資料}
}
@misc{machinelearn,
  author = {烏山昌幸},
  title = {機械学習論講義資料}
}
@online{webpage_unknown,
  title = {勾配法の仕組みをわかりやすく解説 ｜AVILEN},
  author = {株式会社AVILEN - アヴィレン},
  year = {2024},
  url = {https://avilen.co.jp/personal/knowledge-article/optimizer/},
  urldate = {Accessed: 2025-05-12}
}
@online{sparce,
  title = {実感しよう! スパース性が「潜む」データ},
  author = {Think IT（シンクイット）},
  year = {2020},
  url = {https://thinkit.co.jp/article/17713},
  urldate = {Accessed: 2025-05-16}
}
@online{Karnel,
  title = {SVM どこよりもわかるカーネル関数 - Qiita},
  author = {Qiita},
  year = {2022},
  url = {https://qiita.com/hannnari0918/items/c73ca2bc5eee70dc741e},
  urldate = {Accessed: 2025-05-23}
}
@online{kerneltrick,
  title = {カーネル法とカーネルトリックを図を用いて解説する | 機械学習と情報技術},
  author = {機械学習と情報技術},
  year = {2022},
  url = {https://disassemble-channel.com/kernel-method-kernel-trick/#google_vignette},
  urldate = {Accessed: 2025-05-24}
}
@online{gaussian,
  title = {ガウス過程回帰〜カーネルのハイパーパラメータ最適化〜},
  author = {化学とインフォマティクスと時々雑記},
  year = {2023},
  url = {https://boritaso-blog.com/kernel_optimization/},
  urldate = {Accessed: 2025-05-24}
}
@online{Ckernel,
  title = {SVMのC値とカーネルタイプの選び方：最新研究から学ぶ最適化の秘訣 | Reinforz.ai},
  author = {ai.reinforz.co.jp},
  year = {2024},
  url = {https://ai.reinforz.co.jp/797},
  urldate = {Accessed: 2025-05-24}
}
@online{kernelchoice,
  title = {【初心者向け】ガウス過程回帰〜カーネル関数についてわかりやすく説明〜},
  author = {化学とインフォマティクスと時々雑記},
  year = {2023},
  url = {https://boritaso-blog.com/gaussian_process_regression_kernel/},
  urldate = {Accessed: 2025-05-24}
}
@online{RBF,
  title = {RBFカーネルのハイパーパラメータは何物か？ - u++の備忘録},
  author = {u++の備忘録},
  year = {2018},
  url = {https://upura.hatenablog.com/entry/2018/01/22/003429},
  urldate = {Accessed: 2025-05-24}
}
@online{beiz,
  title = {ベイズ最適化 from Scratch - Qiita},
  author = {Qiita},
  year = {2022},
  url = {https://qiita.com/meltyyyyy/items/e67f22f98a96e30e5461},
  urldate = {Accessed: 2025-05-25}
}
@online{cross,
  title = {交差検証（クロスバリデーション）とは？合わせてグリッドサーチに関しても学ぼう！ - AI Academy Media},
  author = {AI Academy Media},
  year = {2020},
  url = {https://aiacademy.jp/media/?p=263},
  urldate = {Accessed: 2025-05-25}
}